@article{article_doi_eprint_url_code,
  doi = {10.22331/q-2017-04-25-1},
  url = {https://doi.org/10.22331/q-2017-04-25-1},
  title = {Self-testing in parallel with {CHSH}},
  author = {McKague, Matthew},
  journal = {{Quantum}},
  issn = {2521-327X},
  publisher = {{Verein zur F{\"{o}}rderung des Open Access Publizierens in den Quantenwissenschaften}},
  volume = {1},
  pages = {1},
  month = apr,
  year = {2017},
  eprint = {1609.09584},
  code={https://github.com/tony-blake/Hybrid-x509-s}
}

@article{article_doi_eprint_url,
  doi = {10.22331/q-2017-04-25-1},
  url = {https://doi.org/10.22331/q-2017-04-25-1},
  title = {Self-testing in parallel with {CHSH}},
  author = {McKague, Matthew},
  journal = {{Quantum}},
  issn = {2521-327X},
  publisher = {{Verein zur F{\"{o}}rderung des Open Access Publizierens in den Quantenwissenschaften}},
  volume = {1},
  pages = {1},
  month = apr,
  year = {2017},
  eprint = {1609.09584}
}

@article{article_eprint_url_code,
  url = {https://doi.org/10.22331/q-2017-04-25-1},
  title = {Self-testing in parallel with {CHSH}},
  author = {McKague, Matthew},
  year = {2016},
  eprint = {1609.09584},
  code={https://github.com/tony-blake/Hybrid-x509-s}
}

@article{article_eprint_url,
  url = {https://doi.org/10.22331/q-2017-04-25-1},
  title = {Self-testing in parallel with {CHSH}},
  author = {McKague, Matthew},
  year = {2016},
  eprint = {1609.09584},
  code={https://github.com/tony-blake/Hybrid-x509-s}
}

@article{article_url_code,
  url = {https://doi.org/10.22331/q-2017-04-25-1},
  title = {Self-testing in parallel with {CHSH}},
  author = {McKague, Matthew},
  year = {2016},
  code={https://github.com/tony-blake/Hybrid-x509-s}
}

@article{article_url,
  url = {https://doi.org/10.22331/q-2017-04-25-1},
  title = {Self-testing in parallel with {CHSH}},
  author = {McKague, Matthew},
  year = {2016}
}

@repository{repo_code_url,
  title={Right-size my figures},
  author={Johannes Jakob Meyer},
  code={https://github.com/johannesjmeyer/rsmf}
  url={https://github.com/johannesjmeyer/rsmf}
}

@repository{repo_url,
  author={Johannes Jakob Meyer},
  url={https://github.com/johannesjmeyer/rsmf}
}

@website{web_author_code,
  author={The Wiki-authors},
  title={Wikipedia},
  url={https://wikipedia.com},
  code={https://github.com/wikimedia/mediawiki}
}

@website{web_author,
  author={The Wiki-authors},
  title={Wikipedia},
  url={https://wikipedia.com}
}

@website{web_code,
  title={Wikipedia},
  url={https://wikipedia.com},
  code={https://github.com/wikimedia/mediawiki}
}

@website{web,
  title={Wikipedia},
  url={https://wikipedia.com}
}
