%% LaTeX2e file `Template_references.bib'
%% generated by the `filecontents' environment
%% from source `Perspective_Template_Bibtex_Minimal_Example' on 2021/02/17.
%%

@book{NielsenChuang2000,
    author= {Nielsen, Michael A. and Chuang, Isaac L.},
    title = {{Quantum Computation and Quantum Information}},
    publisher = {Cambridge University Press},
    address = {Cambridge, U.K.},
    year = {2000}
}

@ARTICLE{Preskill2018,
    AUTHOR = {Preskill, John},
    TITLE = {{Quantum Computing in the NISQ era and beyond}},
    JOURNAL = {Quantum},
    VOLUME = {2},
    PAGES = {79},
    YEAR = {2018},
    DOI = {10.22331/q-2018-08-06-79},
    URL = {https://doi.org/10.22331/q-2018-08-06-79},
    ArchivePrefix = {arXiv},
    eprint = {1801.00862}
}

@misc{SchwarzhansLockErkerFriisHuber2020,
    AUTHOR = {Schwarzhans, Emanuel and Lock, Maximilian P. E. and Erker, Paul and Friis, Nicolai and Huber, Marcus},
    TITLE = {{Autonomous Temporal Probability Concentration: Clockworks and the Second Law of Thermodynamics}},
    YEAR = {2020},
    ArchivePrefix = {arXiv},
    primaryClass  = {quant-ph},
    eprint = {2007.01307}
}

@ARTICLE{AcinBrussLewensteinSanpera2001,
    AUTHOR = {Ac{\'i}n, Antonio, and Bru{\ss}, Dagmar and Lewenstein, Maciej and Sanpera, Anna},
    TITLE = {{Classification of Mixed Three-Qubit States}},
    JOURNAL = {Phys. Rev. Lett.},
    VOLUME = {87},
    PAGES = {040401},
    YEAR = {2001},
    DOI = {10.1103/PhysRevLett.87.040401},
    URL = {https://doi.org/10.1103/PhysRevLett.87.040401},
    ArchivePrefix = {arXiv},
    Eprint = {quant-ph/0103025}
}

