@article{foo_quantum_1916,
  title={Lorem Ipsum},
  author={Foo, F and Bar, B}, 
  journal={Quantum},
  year={1916},
  doi={10.22331/idonotexist},
  volume={123},
  pages={123456}
}
